<?xml version="1.0" encoding="UTF-8"?><collection xmlns="http://www.loc.gov/MARC21/slim"><record><leader>00408nam--2200145-i-4500</leader><controlfield tag="001">000007480</controlfield><controlfield tag="002">20161230</controlfield><controlfield tag="005">20170222183352</controlfield><controlfield tag="008">060222s1000------------r-----000-0-eng-d</controlfield><datafield ind1=" " ind2=" " tag="245"><subfield code="a">Colloquium on Applications of mathematics to economics, Budapest, 1963</subfield></datafield><datafield ind1=" " ind2=" " tag="260"><subfield code="a">Budapest</subfield><subfield code="b">Akad©♭miai Kiad©đ</subfield><subfield code="c">1965</subfield></datafield><datafield ind1=" " ind2=" " tag="300"><subfield code="a">367 p</subfield></datafield><datafield ind1=" " ind2=" " tag="700"><subfield code="a">Pr©♭kopa, Andr©Łs</subfield></datafield><datafield ind1=" " ind2=" " tag="852"><subfield code="a">061.3:33:51</subfield></datafield><datafield ind1=" " ind2=" " tag="CAT"><subfield code="a">SYS</subfield><subfield code="c">20170222</subfield><subfield code="h">183352</subfield></datafield></record></collection>